@PREAMBLE{ "\providecommand{\noopsort}[1]{} "
	 # "\providecommand{\singleletter}[1]{#1} " }

@Article{	  BufferStockTheory,
  author	= {Christopher D. Carroll},
  journal	= {Revise and Resubmit, Quantitative Economics},
  title		= {Theoretical Foundations of Buffer Stock Saving},
  year		= 2023,
  url		= {https://econ-ark.github.io/BufferStockTheory},
  doi		= {https://zenodo.org/badge/latestdoi/304124725}
}

@Article{	  summersCapTax,
  title		= {Capital Taxation and Accumulation in a Life Cycle Growth
		  Model},
  author	= {Summers, Lawrence H.},
  journal	= {American Economic Review},
  year		= 1981,
  note		= {\url{http://www.jstor.org/stable/1806179}},
  number	= 4,
  pages		= {533--544},
  volume	= 71,
  owner		= {Nic Johnson},
  url		= {http://www.jstor.org/stable/1806179}
}
